% ТРУДЫ ИСП РАН (ВАК)
@article{perminov2025missing,
  title={Метод обучения персептрона на табличных данных с пропусками},
  author={Перминов, А. И. and Коваленко, А. П. and Турдаков, Д. Ю.},
  journal={Труды Института системного программирования РАН},
  volume={1111},
  number={1111},
  pages={1111--1111},
  year={2025},
  language={russian},
  authorvak = {true}
}

@article{perminov2024slap,
  title={SLAP--простая линейная атака на персептрон},
  author={Перминов, А. И.},
  journal={Труды Института системного программирования РАН},
  volume={36},
  number={3},
  pages={83--92},
  year={2024},
  language={russian},
  authorvak = {true}
}

@article{belyaeva2020synthetic,
  title={Synthetic data usage for document segmentation models fine-tuning},
  author={Belyaeva, O. V. and Perminov, A. I. and Kozlov, I. S.},
  journal={Proceedings of the Institute for System Programming of the RAS (Proceedings of ISP RAS)},
  volume={32},
  number={4},
  pages={189--202},
  year={2020},
  authorvak = {true}
}


% УМН (WoS, Scopus)
@article{lukyanov2024extrapolation,
  title={Extrapolation of the Bayesian classifier with an unknown support of the two-class mixture distribution},
  author={Lukyanov, K. S. and Yaskov, P. A. and Perminov, A. I. and Kovalenko, A. P. and Turdakov, D. Y.},
  journal={Russian Mathematical Surveys},
  volume={79},
  number={6},
  pages={991--1015},
  year={2024},
  language={english},
  authorscopus = {true},
  authorwos = {true}
}


% ПРОЧЕЕ
@inproceedings{synthetic2025unary,
  title={A Consistent Method for Generating Synthetic Tabular Data with a Fully Connected Neural Network},
  author={Perminov, A. I. and Kovalenko, A. P. and Turdakov, D. Y.},
  booktitle={First Conference of Mathematics of AI},
  year={2025},
  language={english},
  authorvak = {true}
}


% ТЕЗИСЫ КОНФЕРЕНЦИЙ
@CONFERENCE{mitsobi2025,
  author = {Коваленко, А. П. and Перминов, А. И.},
  title = {Метод унарной классификации},
  booktitle = {Материалы 34-й научно-технической конференции «Методы и технические средства обеспечения безопасности информации»},
  year = {2025},
  language = {russian},
  authorconf = {true},
}

@CONFERENCE{mitsobi2024,
  author = {Коваленко, А. П. and Перминов, А. И. and Яськов, П. А.},
  title = {Доверять… или не доверять? Лемма об экстраполяции байесовского классификатора},
  booktitle = {Материалы 33-й научно-технической конференции «Методы и технические средства обеспечения безопасности информации»},
  year = {2024},
  language = {russian},
  authorconf = {true},
}

@CONFERENCE{mitsobi2023,
  author = {Коваленко, А. П. and Перминов, А. И.},
  title = {Подход к решению «проблемы экстраполяции» нейросетевого классификатора},
  booktitle = {Материалы 32-й научно-технической конференции «Методы и технические средства обеспечения безопасности информации»},
  year = {2023},
  language = {russian},
  authorconf = {true},
}
