% ГОСТ Р 7.0.11-2011, Приложение Б, Книги
%%%%%%%%%%%%%%%%%%%%%%%%%%%%%%%%%%%%%%%%%%%%%%%% ВВЕДЕНИЕ %%%%%%%%%%%%%%%%%%%%%%%%%%%%%%%%%%%%%%%%%%%%%%%%
@article{he2009learning,
  title={Learning from imbalanced data},
  author={He, Haibo and Garcia, Edwardo A},
  journal={IEEE Transactions on knowledge and data engineering},
  volume={21},
  number={9},
  pages={1263--1284},
  year={2009},
  publisher={Ieee}
}

@article{japkowicz2002class,
  title={The class imbalance problem: A systematic study},
  author={Japkowicz, Nathalie and Stephen, Shaju},
  journal={Intelligent data analysis},
  volume={6},
  number={5},
  pages={429--449},
  year={2002},
  publisher={SAGE Publications Sage UK: London, England}
}

@inproceedings{elkan2001foundations,
  title={The foundations of cost-sensitive learning},
  author={Elkan, Charles},
  booktitle={International joint conference on artificial intelligence},
  volume={17},
  number={1},
  pages={973--978},
  year={2001},
  organization={Lawrence Erlbaum Associates Ltd}
}

@book{bishop2006pattern,
  title={Pattern recognition and machine learning},
  author={Bishop, Christopher M and Nasrabadi, Nasser M},
  volume={4},
  number={4},
  year={2006},
  publisher={Springer}
}

@article{chawla2002smote,
  title={SMOTE: synthetic minority over-sampling technique},
  author={Chawla, Nitesh V and Bowyer, Kevin W and Hall, Lawrence O and Kegelmeyer, W Philip},
  journal={Journal of artificial intelligence research},
  volume={16},
  pages={321--357},
  year={2002}
}

@article{rudin2019stop,
  title={Stop explaining black box machine learning models for high stakes decisions and use interpretable models instead},
  author={Rudin, Cynthia},
  journal={Nature machine intelligence},
  volume={1},
  number={5},
  pages={206--215},
  year={2019},
  publisher={Nature Publishing Group UK London}
}


%%%%%%%%%%%%%%%%%%%%%%%%%%%%%%%%%%%%%%%%%%%%%%%% ОСНОВНОЕ %%%%%%%%%%%%%%%%%%%%%%%%%%%%%%%%%%%%%%%%%%%%%%%%
@article{vorontsov2008bayes,
  title={Лекции по статистическим (байесовским) алгоритмам классификации},
  author={Воронцов, КВ},
  journal={URL: http://www. ccas. ru/voron/download/Bayes. pdf (20.09. 2017)},
  year={2008}
}

@article{vorontsov2008lections,
  title={Математические методы обучения по прецедентам (теория обучения машин)},
  author={Воронцов, КВ},
  journal={Москва},
  pages={119--121},
  year={2011}
}

@article{caron2024view,
  title={A view on out-of-distribution identification from a statistical testing theory perspective},
  author={Caron, Alberto and Hicks, Chris and Mavroudis, Vasilios},
  journal={arXiv preprint arXiv:2405.03052},
  year={2024}
}

@article{vijendran2025boost,
  title={BOOST: Out-of-Distribution-Informed Adaptive Sampling for Bias Mitigation in Stylistic Convolutional Neural Networks},
  author={Vijendran, Mridula and Chen, Shuang and Deng, Jingjing and Shum, Hubert PH},
  journal={Expert Systems with Applications},
  pages={128905},
  year={2025},
  publisher={Elsevier}
}

@article{yang2024generalized,
  title={Generalized out-of-distribution detection: A survey},
  author={Yang, Jingkang and Zhou, Kaiyang and Li, Yixuan and Liu, Ziwei},
  journal={International Journal of Computer Vision},
  volume={132},
  number={12},
  pages={5635--5662},
  year={2024},
  publisher={Springer}
}

@article{shmuel2025machine,
  title={Machine and deep learning performance in out-of-distribution regressions},
  author={Shmuel, Assaf and Glickman, Oren and Lazebnik, Teddy},
  journal={Machine Learning: Science and Technology},
  volume={5},
  number={4},
  pages={045078},
  year={2025},
  publisher={IOP Publishing}
}

@article{boukerche2020outlier,
  title={Outlier detection: Methods, models, and classification},
  author={Boukerche, Azzedine and Zheng, Lining and Alfandi, Omar},
  journal={ACM Computing Surveys (CSUR)},
  volume={53},
  number={3},
  pages={1--37},
  year={2020},
  publisher={ACM New York, NY, USA}
}

@article{obi2023review,
  title={A review of techniques for regularization},
  author={Obi, Jude Chukwura and Jecinta, Ibebuike Chinenye},
  journal={International Journal of Research in Engineering and Science},
  volume={11},
  number={1},
  pages={360--367},
  year={2023}
}

@article{muhamedyev2015machine,
  title={Machine learning methods: An overview},
  author={Muhamedyev, Ravil},
  journal={Computer modelling \& new technologies},
  volume={19},
  number={6},
  pages={14--29},
  year={2015}
}


@article{ding2022hyperparameter,
  title={Hyperparameter sensitivity in deep outlier detection: Analysis and a scalable hyper-ensemble solution},
  author={Ding, Xueying and Zhao, Lingxiao and Akoglu, Leman},
  journal={Advances in Neural Information Processing Systems},
  volume={35},
  pages={9603--9616},
  year={2022}
}

@book{devroye2013probabilistic,
  title={A probabilistic theory of pattern recognition},
  author={Devroye, Luc and Gy{\"o}rfi, L{\'a}szl{\'o} and Lugosi, G{\'a}bor},
  volume={31},
  year={2013},
  publisher={Springer Science \& Business Media}
}

@article{cybenko1989approximation,
  title={Approximation by superpositions of a sigmoidal function},
  author={Cybenko, George},
  journal={Mathematics of control, signals and systems},
  volume={2},
  number={4},
  pages={303--314},
  year={1989},
  publisher={Springer}
}

@article{bock1974automatische,
  title={Automatische Klassifikation. Theoretische und praktische Methoden zur Gruppierung und Strukturierung von Daten},
  author={Bock, Hans Hermann},
  journal={Studia Mathematica/Mathematische Lehrb{\"u}cher},
  year={1974}
}

@article{devroye1985nonparametric,
  title={Nonparametric density estimation},
  author={Devroye, Luc},
  journal={The L\_1 View},
  year={1985},
  publisher={John Wiley}
}

@incollection{devroye1996regular,
  title={The Regular Histogram Rule},
  author={Devroye, Luc and Gy{\"o}rfi, L{\'a}szl{\'o} and Lugosi, G{\'a}bor},
  booktitle={A Probabilistic Theory of Pattern Recognition},
  pages={133--145},
  year={1996},
  publisher={Springer}
}

@incollection{devroye1996consistency,
  title={Consistency of the k-nearest neighbor rule},
  author={Devroye, Luc and Gy{\"o}rfi, L{\'a}szl{\'o} and Lugosi, G{\'a}bor},
  booktitle={A Probabilistic Theory of Pattern Recognition},
  pages={169--185},
  year={1996},
  publisher={Springer}
}

@inproceedings{devroye1980strong,
  title={The strong uniform consistency of kernel density estimates},
  author={Devroye, Luc P and Wagner, Terry J},
  booktitle={Multivariate Analysis V: Proceedings of the fifth International Symposium on Multivariate Analysis},
  volume={5},
  pages={59--77},
  year={1980}
}

@article{devroye1977strong,
  title={The strong uniform consistency of nearest neighbor density estimates},
  author={Devroye, Luc P and Wagner, Terry J},
  journal={The Annals of Statistics},
  pages={536--540},
  year={1977},
  publisher={JSTOR}
}

@book{wand1994kernel,
  title={Kernel smoothing},
  author={Wand, Matt P and Jones, M Chris},
  year={1994},
  publisher={CRC press}
}

@book{gyorfi2002distribution,
  title={A distribution-free theory of nonparametric regression},
  author={Gy{\"o}rfi, L{\'a}szl{\'o} and Kohler, Michael and Krzy{\.z}ak, Adam and Walk, Harro},
  year={2002},
  publisher={Springer}
}

@article{cortes1995support,
  title={Support-vector networks},
  author={Cortes, Corinna and Vapnik, Vladimir},
  journal={Machine learning},
  volume={20},
  number={3},
  pages={273--297},
  year={1995},
  publisher={Springer}
}

@book{steinwart2008support,
  title={Support vector machines},
  author={Steinwart, Ingo and Christmann, Andreas},
  year={2008},
  publisher={Springer Science \& Business Media}
}


@book{hartigan1975clustering,
  title={Clustering algorithms},
  author={Hartigan, John A},
  year={1975},
  publisher={John Wiley \& Sons, Inc.}
}

@article{wong1983kth,
  title={A kth nearest neighbour clustering procedure},
  author={Wong, M Anthony and Lane, Tom},
  journal={Journal of the Royal Statistical Society: Series B (Methodological)},
  volume={45},
  number={3},
  pages={362--368},
  year={1983},
  publisher={Wiley Online Library}
}

@article{murtagh1991multilayer,
  title={Multilayer perceptrons for classification and regression},
  author={Murtagh, Fionn},
  journal={Neurocomputing},
  volume={2},
  number={5-6},
  pages={183--197},
  year={1991},
  publisher={Elsevier}
}

@article{amari1993backpropagation,
  title={Backpropagation and stochastic gradient descent method},
  author={Amari, Shun-ichi},
  journal={Neurocomputing},
  volume={5},
  number={4-5},
  pages={185--196},
  year={1993},
  publisher={Elsevier}
}

@inproceedings{seiffert2001multiple,
  title={Multiple layer perceptron training using genetic algorithms.},
  author={Seiffert, Udo},
  booktitle={ESANN},
  pages={159--164},
  year={2001}
}

@article{song2015decision,
  title={Decision tree methods: applications for classification and prediction},
  author={Song, Yan-Yan and Lu, Ying},
  journal={Shanghai archives of psychiatry},
  year={2015},
  publisher={Shanghai Municipal Bureau of Publishing}
}

@article{devyatkinpostroenie,
  title={Построение ансамблей деревьев решений с использованием линейных и нелинейных разделителей},
  author={Девяткин, Дмитрий Алексеевич}
}

@article{salih2024linear,
  title={Are Linear Regression Models White Box and Interpretable?},
  author={Salih, Ahmed M and Wang, Yuhe},
  journal={arXiv preprint arXiv:2407.12177},
  year={2024}
}

@misc{hastie2009elements,
  title={The elements of statistical learning},
  author={Hastie, Trevor and Tibshirani, Robert and Friedman, Jerome and others},
  year={2009},
  publisher={Springer series in statistics New-York}
}

@article{dwivedi2023explainable,
  title={Explainable AI (XAI): Core ideas, techniques, and solutions},
  author={Dwivedi, Rudresh and Dave, Devam and Naik, Het and Singhal, Smiti and Omer, Rana and Patel, Pankesh and Qian, Bin and Wen, Zhenyu and Shah, Tejal and Morgan, Graham and others},
  journal={ACM computing surveys},
  volume={55},
  number={9},
  pages={1--33},
  year={2023},
  publisher={ACM New York, NY}
}

@article{galar2011overview,
  title={An overview of ensemble methods for binary classifiers in multi-class problems: Experimental study on one-vs-one and one-vs-all schemes},
  author={Galar, Mikel and Fern{\'a}ndez, Alberto and Barrenechea, Edurne and Bustince, Humberto and Herrera, Francisco},
  journal={Pattern Recognition},
  volume={44},
  number={8},
  pages={1761--1776},
  year={2011},
  publisher={Elsevier}
}

@article{kang2015constructing,
  title={Constructing a multi-class classifier using one-against-one approach with different binary classifiers},
  author={Kang, Seokho and Cho, Sungzoon and Kang, Pilsung},
  journal={Neurocomputing},
  volume={149},
  pages={677--682},
  year={2015},
  publisher={Elsevier}
}

@article{lorena2008review,
  title={A review on the combination of binary classifiers in multiclass problems},
  author={Lorena, Ana Carolina and De Carvalho, Andr{\'e} CPLF and Gama, Jo{\~a}o MP},
  journal={Artificial Intelligence Review},
  volume={30},
  number={1},
  pages={19},
  year={2008},
  publisher={Springer}
}

@article{aly2005survey,
  title={Survey on multiclass classification methods},
  author={Aly, Mohamed},
  journal={Neural Netw},
  volume={19},
  number={1-9},
  pages={2},
  year={2005}
}

@article{guo2022overview,
  title={An overview of backdoor attacks against deep neural networks and possible defences},
  author={Guo, Wei and Tondi, Benedetta and Barni, Mauro},
  journal={IEEE Open Journal of Signal Processing},
  volume={3},
  pages={261--287},
  year={2022},
  publisher={IEEE}
}

%%%% 1.4 %%%
@article{goodfellow2014explaining,
  title={Explaining and harnessing adversarial examples},
  author={Goodfellow, Ian J and Shlens, Jonathon and Szegedy, Christian},
  journal={arXiv preprint arXiv:1412.6572},
  year={2014}
}

@article{madry2017towards,
  title={Towards deep learning models resistant to adversarial attacks},
  author={Madry, Aleksander and Makelov, Aleksandar and Schmidt, Ludwig and Tsipras, Dimitris and Vladu, Adrian},
  journal={arXiv preprint arXiv:1706.06083},
  year={2017}
}

@inproceedings{croce2019sparse,
  title={Sparse and imperceivable adversarial attacks},
  author={Croce, Francesco and Hein, Matthias},
  booktitle={Proceedings of the IEEE/CVF international conference on computer vision},
  pages={4724--4732},
  year={2019}
}

@inproceedings{wong2018provable,
  title={Provable defenses against adversarial examples via the convex outer adversarial polytope},
  author={Wong, Eric and Kolter, Zico},
  booktitle={International conference on machine learning},
  pages={5286--5295},
  year={2018},
  organization={PMLR}
}

@misc{krizhevsky2009learning,
  title={Learning multiple layers of features from tiny images.(2009)},
  author={Krizhevsky, Alex and Hinton, Geoffrey and others},
  year={2009}
}

@article{deng2012mnist,
  title={The mnist database of handwritten digit images for machine learning research [best of the web]},
  author={Deng, Li},
  journal={IEEE signal processing magazine},
  volume={29},
  number={6},
  pages={141--142},
  year={2012},
  publisher={IEEE}
}

@inproceedings{parkhi2012cats,
  title={Cats and dogs},
  author={Parkhi, Omkar M and Vedaldi, Andrea and Zisserman, Andrew and Jawahar, CV},
  booktitle={2012 IEEE conference on computer vision and pattern recognition},
  pages={3498--3505},
  year={2012},
  organization={IEEE}
}

@article{obi2023comparative,
  title={A comparative study of several classification metrics and their performances on data},
  author={Obi, Jude Chukwura},
  journal={World Journal of Advanced Engineering Technology and Sciences},
  volume={8},
  number={1},
  pages={308--314},
  year={2023}
}




%%%%%%%%%%%%%%%%%%%%%%%%%%%%%%%%%%%%%%  3.1 Построение репродукционных выборок %%%%%%%%%%%%%%%%%%%%%%%%%%%%%%%%%%%%%%
@article{gal2023synthetic,
  title={Synthetic data: legal implications of the data-generation revolution},
  author={Gal, Michal S and Lynskey, Orla},
  journal={IoWa L. rev.},
  volume={109},
  pages={1087},
  year={2023},
  publisher={HeinOnline}
}

@article{grund2022using,
  title={Using synthetic data to improve the reproducibility of statistical results in psychological research.},
  author={Grund, Simon and L{\"u}dtke, Oliver and Robitzsch, Alexander},
  journal={Psychological Methods},
  year={2022},
  publisher={American Psychological Association}
}

@article{joshi2024synthetic,
  title={Synthetic data in human analysis: A survey},
  author={Joshi, Indu and Grimmer, Marcel and Rathgeb, Christian and Busch, Christoph and Bremond, Francois and Dantcheva, Antitza},
  journal={IEEE Transactions on Pattern Analysis and Machine Intelligence},
  volume={46},
  number={7},
  pages={4957--4976},
  year={2024},
  publisher={IEEE}
}


@article{bauer2024comprehensive,
  title={Comprehensive exploration of synthetic data generation: A survey},
  author={Bauer, Andr{\'e} and Trapp, Simon and Stenger, Michael and Leppich, Robert and Kounev, Samuel and Leznik, Mark and Chard, Kyle and Foster, Ian},
  journal={arXiv preprint arXiv:2401.02524},
  year={2024}
}

@article{akkem2024comprehensive,
  title={A comprehensive review of synthetic data generation in smart farming by using variational autoencoder and generative adversarial network},
  author={Akkem, Yaganteeswarudu and Biswas, Saroj Kumar and Varanasi, Aruna},
  journal={Engineering Applications of Artificial Intelligence},
  volume={131},
  pages={107881},
  year={2024},
  publisher={Elsevier}
}

@inproceedings{jordon2018pate,
  title={PATE-GAN: Generating synthetic data with differential privacy guarantees},
  author={Jordon, James and Yoon, Jinsung and Van Der Schaar, Mihaela},
  booktitle={International conference on learning representations},
  year={2018}
}

@inproceedings{wan2017variational,
  title={Variational autoencoder based synthetic data generation for imbalanced learning},
  author={Wan, Zhiqiang and Zhang, Yazhou and He, Haibo},
  booktitle={2017 IEEE symposium series on computational intelligence (SSCI)},
  pages={1--7},
  year={2017},
  organization={IEEE}
}

@article{villaizan2024diffusion,
  title={Diffusion models for tabular data imputation and synthetic data generation},
  author={Villaiz{\'a}n-Vallelado, Mario and Salvatori, Matteo and Segura Perales, Carlos and Arapakis, Ioannis},
  journal={ACM Transactions on Knowledge Discovery from Data},
  year={2024},
  publisher={ACM New York, NY}
}

@article{figueira2022survey,
  title={Survey on synthetic data generation, evaluation methods and GANs},
  author={Figueira, Alvaro and Vaz, Bruno},
  journal={Mathematics},
  volume={10},
  number={15},
  pages={2733},
  year={2022},
  publisher={MDPI}
}

@article{adam2014method,
  title={A method for stochastic optimization},
  author={Adam, Kingma DP Ba J and others},
  journal={arXiv preprint arXiv:1412.6980},
  volume={1412},
  number={6},
  year={2014}
}

@article{habibi2023imbalanced,
  title={Imbalanced tabular data modelization using CTGAN and machine learning to improve IoT Botnet attacks detection},
  author={Habibi, Omar and Chemmakha, Mohammed and Lazaar, Mohamed},
  journal={Engineering Applications of Artificial Intelligence},
  volume={118},
  pages={105669},
  year={2023},
  publisher={Elsevier}
}

@article{ishfaq2018tvae,
  title={TVAE: Triplet-based variational autoencoder using metric learning},
  author={Ishfaq, Haque and Hoogi, Assaf and Rubin, Daniel},
  journal={arXiv preprint arXiv:1802.04403},
  year={2018}
}

%%%%%%%%%%%%%%%%%%%%%%%%%%%%%%%%%%  3.2 Обучение нейросети по некомплектным данным %%%%%%%%%%%%%%%%%%%%%%%%%%%%%%%%%%
@book{schafer1997analysis,
  title={Analysis of incomplete multivariate data},
  author={Schafer, Joseph L},
  year={1997},
  publisher={CRC press}
}

@misc{little1995statistical,
  title={Statistical analysis with missing data.},
  author={Little, Roderick JA and Rubin, Donald B},
  year={1995}
}

@article{dempster1977maximum,
  title={Maximum likelihood from incomplete data via the EM algorithm},
  author={Dempster, Arthur P and Laird, Nan M and Rubin, Donald B},
  journal={Journal of the royal statistical society: series B (methodological)},
  volume={39},
  number={1},
  pages={1--22},
  year={1977},
  publisher={Wiley Online Library}
}

@inproceedings{rubin1988overview,
  title={An overview of multiple imputation},
  author={Rubin, Donald B},
  booktitle={Proceedings of the survey research methods section of the American statistical association},
  volume={79},
  pages={84},
  year={1988}
}

@article{cismondi2013missing,
  title={Missing data in medical databases: Impute, delete or classify?},
  author={Cismondi, Federico and Fialho, Andr{\'e} S and Vieira, Susana M and Reti, Shane R and Sousa, Jo{\~a}o MC and Finkelstein, Stan N},
  journal={Artificial intelligence in medicine},
  volume={58},
  number={1},
  pages={63--72},
  year={2013},
  publisher={Elsevier}
}

@article{du2020missing,
  title={Missing data problem in the monitoring system: A review},
  author={Du, Jinghan and Hu, Minghua and Zhang, Weining},
  journal={IEEE Sensors Journal},
  volume={20},
  number={23},
  pages={13984--13998},
  year={2020},
  publisher={IEEE}
}

@inproceedings{pujianto2019k,
  title={K-nearest neighbor (k-NN) based missing data imputation},
  author={Pujianto, Utomo and Wibawa, Aji Prasetya and Akbar, Muhammad Iqbal and others},
  booktitle={2019 5th International Conference on Science in Information Technology (ICSITech)},
  pages={83--88},
  year={2019},
  organization={IEEE}
}

@phdthesis{moh2024missing,
  title={Missing Values Imputation Using Principal Component Analysis Methods},
  author={Moh, Rhoda Josephina Domebale},
  year={2024},
  school={Montana State University}
}

@inproceedings{roskams2023leveraging,
  title={Leveraging variational autoencoders for multiple data imputation},
  author={Roskams-Hieter, Breeshey and Wells, Jude and Wade, Sara},
  booktitle={Joint European Conference on Machine Learning and Knowledge Discovery in Databases},
  pages={491--506},
  year={2023},
  organization={Springer}
}



%%%%%%%%%%%%%%%%%%%%%%%%%%%%%%%%%%%%%%  4 %%%%%%%%%%%%%%%%%%%%%%%%%%%%%%%%%%%%%%
@article{sievert2021package,
  title={Package ‘plotly’},
  author={Sievert, Carson and Parmer, Chris and Hocking, Toby and Chamberlain, Scott and Ram, Karthik and Corvellec, Marianne and Despouy, Pedro and Sievert, Maintainer Carson},
  journal={R Foundation for Statistical Computing, Vienna},
  year={2021}
}

@article{ruder2016overview,
  title={An overview of gradient descent optimization algorithms},
  author={Ruder, Sebastian},
  journal={arXiv preprint arXiv:1609.04747},
  year={2016}
}

@inproceedings{meyer2021alternative,
  title={An alternative probabilistic interpretation of the huber loss},
  author={Meyer, Gregory P},
  booktitle={Proceedings of the ieee/cvf conference on computer vision and pattern recognition},
  pages={5261--5269},
  year={2021}
}

@article{saleh2022statistical,
  title={Statistical properties of the log-cosh loss function used in machine learning},
  author={Saleh, Resve A and Saleh, AK},
  journal={arXiv preprint arXiv:2208.04564},
  year={2022}
}

@article{zeiler2012adadelta,
  title={Adadelta: an adaptive learning rate method},
  author={Zeiler, Matthew D},
  journal={arXiv preprint arXiv:1212.5701},
  year={2012}
}

@incollection{lubbers2010using,
  title={Using the html5 canvas api},
  author={Lubbers, Peter and Albers, Brian and Salim, Frank},
  booktitle={Pro HTML5 Programming: Powerful APIs for Richer Internet Application Development},
  pages={25--63},
  year={2010},
  publisher={Springer}
}

@article{quint2003scalable,
  title={Scalable vector graphics},
  author={Quint, Antoine},
  journal={IEEE MultiMedia},
  volume={10},
  number={3},
  pages={99--102},
  year={2003},
  publisher={IEEE}
}

@article{matsakis2014typed,
  title={Typed objects in javascript},
  author={Matsakis, Nicholas D and Herman, David and Lomov, Dmitry},
  journal={ACM SIGPLAN Notices},
  volume={50},
  number={2},
  pages={125--134},
  year={2014},
  publisher={ACM New York, NY, USA}
}

@book{lunn2012css3,
  title={CSS3 foundations},
  author={Lunn, Ian},
  year={2012},
  publisher={John Wiley \& Sons}
}

@article{hickson2011html5,
  title={Html5},
  author={Hickson, Ian and Hyatt, David},
  journal={W3C working draft WD-Html5-20110525},
  volume={53},
  year={2011}
}

@article{flanagan2013javascript,
  title={JavaScript},
  author={Флэнаган, Дэвид},
  journal={Подробное руководство, Изд-во {\guillemotleft}Символ-Плюс},
  year={2013}
}

@inproceedings{huang1999generalized,
  title={Generalized loop-unrolling: a method for program speedup},
  author={Huang, Jung-Chang and Leng, Tau},
  booktitle={Proceedings 1999 IEEE Symposium on Application-Specific Systems and Software Engineering and Technology. ASSET'99 (Cat. No. PR00122)},
  pages={244--248},
  year={1999},
  organization={IEEE}
}
