@Patent{progbib1,
  heading =      {Свидетельство о гос. регистрации программы для {ЭВМ}},
  author =       {Перминов, А. И. and Коваленко, А. П. and Дробышевский, М. Д. and Лукьянов, К. С.},
  title =        {DenseNetworkVisualizer: программное обеспечение для геометрической и вероятностной интерпретации и визуализации многослойного персептрона},
  media =        {text},
  holder =       {Федеральное государственное бюджетное учреждение науки Институт системного программирования им. В.П. Иванникова Российской академии наук},
  reqnumber =    2023689161,
  publdate =     {2023-12-26},
  date =         {2023-12-26},
  prnumber =     2023689161,
  prcountry =    {countryru},
  language =     {russian},
  authorprogram ={yes},
}

@Patent{progbib2,
  heading =      {Свидетельство о гос. регистрации программы для {ЭВМ}},
  author =       {Булгакова, М. И. and Гетьман, А. И. and Горюнов, М. Н. and Мацкевич, А. Г. and Перминов, А. И. and Рыболовлев, Д. А.},
  title =        {Программа реализации атаки уклонения в отношении модели обнаружения вторжений},
  media =        {text},
  holder =       {Федеральное государственное бюджетное учреждение науки Институт системного программирования им. В.П. Иванникова Российской академии наук},
  reqnumber =    2022682843,
  publdate =     {2022-11-28},
  date =         {2022-11-28},
  prnumber =     2022682843,
  prcountry =    {countryru},
  language =     {russian},
  authorprogram = {yes},
}

@Patent{progbib3,
  heading =      {Свидетельство о гос. регистрации программы для {ЭВМ}},
  author =       {Булгакова, М. И. and Гетьман, А. И. and Горюнов, М. Н. and Мацкевич, А. Г. and Перминов, А. И. and Рыболовлев, Д. А.},
  title =        {Программа защиты от атаки уклонения в системе обнаружения вторжений},
  media =        {text},
  holder =       {Федеральное государственное бюджетное учреждение науки Институт системного программирования им. В.П. Иванникова Российской академии наук},
  reqnumber =    2022685576,
  publdate =     {2022-12-26},
  date =         {2022-12-26},
  prnumber =     2022685576,
  prcountry =    {countryru},
  language =     {russian},
  authorprogram = {yes},
}

@Patent{progbib4,
  heading =      {Свидетельство о гос. регистрации программы для {ЭВМ}},
  author =       {Алексеевская, И. С. and Архипенко, К. В. and Прилепская, Д. Д. and Перминов, А. И. and Лобастова, Е. О. and Голодков, А. О.},
  title =        {Программное обеспечение для выявления и устранения предвзятости моделей машинного обучения},
  media =        {text},
  holder =       {Федеральное государственное бюджетное учреждение науки Институт системного программирования им. В.П. Иванникова Российской академии наук},
  reqnumber =    2024692147,
  publdate =     {2024-12-12},
  date =         {2024-12-12},
  prnumber =     2024692147,
  prcountry =    {countryru},
  language =     {russian},
  authorprogram = {yes},
}
